<record><leader>00000cas a22000007a 4500</leader><controlfield tag="001">15078789</controlfield><controlfield tag="008">870116d18861889msuwr ne      0    0eng d</controlfield><datafield ind1=" " ind2=" " tag="010"><subfield code="a">sn 87065048 </subfield></datafield><datafield ind1=" " ind2=" " tag="040"><subfield code="a">MJA</subfield><subfield code="b">eng</subfield><subfield code="c">MJA</subfield><subfield code="d">MSJ</subfield><subfield code="d">KNP</subfield><subfield code="d">OCLCQ</subfield></datafield><datafield ind1=" " ind2=" " tag="042"><subfield code="a">msc</subfield></datafield><datafield ind1="0" ind2="4" tag="245"><subfield code="a">The Crystal Springs meteor.</subfield></datafield><datafield ind1=" " ind2=" " tag="260"><subfield code="a">Crystal Springs, Miss. :</subfield><subfield code="b">Hurt &amp; Branch</subfield></datafield><datafield ind1=" " ind2=" " tag="310"><subfield code="a">Weekly</subfield></datafield><datafield ind1="1" ind2=" " tag="362"><subfield code="a">Began in 1886; ceased in 1889.</subfield></datafield><datafield ind1=" " ind2=" " tag="588"><subfield code="a">Description based on: Vol. 4, no. 3 (May 28, 1886).</subfield></datafield><datafield ind1=" " ind2=" " tag="752"><subfield code="a">United States</subfield><subfield code="b">Mississippi</subfield><subfield code="c">Copiah</subfield><subfield code="d">Crystal Springs.</subfield></datafield><datafield ind1="0" ind2="0" tag="780"><subfield code="t">Meteor (Crystal Springs, Miss. : 1883)</subfield><subfield code="w">(DLC)sn 87065050</subfield><subfield code="w">(OCoLC)15078913</subfield></datafield><datafield ind1="0" ind2="0" tag="785"><subfield code="t">Meteor (Crystal Springs, Miss. : 1889)</subfield><subfield code="w">(DLC)sn 87065051</subfield><subfield code="w">(OCoLC)15076249</subfield></datafield></record>